<record><leader>00000cas a22000007a 4500</leader><controlfield tag="001">34519028</controlfield><controlfield tag="008">960404c199u9999wyuwr ne      0   a0eng c</controlfield><datafield ind1=" " ind2=" " tag="010"><subfield code="a">sn 96003288 </subfield></datafield><datafield ind1=" " ind2=" " tag="040"><subfield code="a">NSD</subfield><subfield code="b">eng</subfield><subfield code="c">NSD</subfield><subfield code="d">OCLCQ</subfield></datafield><datafield ind1=" " ind2=" " tag="012"><subfield code="m">1</subfield></datafield><datafield ind1="1" ind2=" " tag="022"><subfield code="a">1088-100X</subfield><subfield code="l">1088-100X</subfield><subfield code="2">1</subfield></datafield><datafield ind1=" " ind2=" " tag="032"><subfield code="a">373430</subfield><subfield code="b">USPS</subfield></datafield><datafield ind1=" " ind2=" " tag="037"><subfield code="b">Wyoming Newspapers, Inc., POB 538, Lyman, WY 82937</subfield></datafield><datafield ind1=" " ind2=" " tag="042"><subfield code="a">nsdp</subfield><subfield code="a">pcc</subfield></datafield><datafield ind1="0" ind2=" " tag="130"><subfield code="a">Bridger Valley pioneer (Lyman, Wyo. : 1996)</subfield></datafield><datafield ind1=" " ind2="0" tag="222"><subfield code="a">Bridger Valley pioneer</subfield><subfield code="b">(Lyman, Wyo. 1996)</subfield></datafield><datafield ind1="1" ind2="0" tag="245"><subfield code="a">Bridger Valley pioneer.</subfield></datafield><datafield ind1="3" ind2="0" tag="246"><subfield code="a">Pioneer</subfield></datafield><datafield ind1=" " ind2=" " tag="260"><subfield code="a">Lyman, WY :</subfield><subfield code="b">Wyoming Newspapers, Inc.</subfield></datafield><datafield ind1=" " ind2=" " tag="300"><subfield code="a">v.</subfield></datafield><datafield ind1=" " ind2=" " tag="310"><subfield code="a">Weekly</subfield></datafield><datafield ind1=" " ind2=" " tag="588"><subfield code="a">Description based on: 19th year, 37th issue (Feb. 2, 1996).</subfield></datafield><datafield ind1="0" ind2="0" tag="780"><subfield code="t">Uinta County pioneer</subfield><subfield code="w">(DLC)sn 92067219</subfield></datafield></record>